@Book{lamport1985:latex,
  author =		 {Leslie Lamport},
  title =		 {{\LaTeX}---A Document Preparation System---User's
                  Guide and Reference Manual},
  publisher =	 {Ad{\-d}i{\-s}on-Wes{\-l}ey},
  year =		 1985,
  isbn =		 {0-201-15790-X},
}

@Article{Debr01,
  author = 	"E. Debreuve and M. Barlaud and G. Aubert and I. Laurette and
                 J. Darcourt",
  title = 	"Space-time segmentation using level set active contours
                 applied to myocardial gated {SPECT}",
  journal = 	"IEEE Trans.\ Med.\ Imag.",
  year = 	2001,
  pages = 	"643--659",
  number =      7,
  volume = 	20,
  month =       jul,
  keywords = 	"spatio-temporal segmentation",
  annote =	"first paper showing object tunnels on natural images"
}


@inproceedings{DBLP:conf/nsdi/ZahariaCDDMMFSS12,
  author    = {Matei Zaharia and
               Mosharaf Chowdhury and
               Tathagata Das and
               Ankur Dave and
               Justin Ma and
               Murphy McCauly and
               Michael J. Franklin and
               Scott Shenker and
               Ion Stoica},
  editor    = {Steven D. Gribble and
               Dina Katabi},
  title     = {Resilient Distributed Datasets: {A} Fault-Tolerant Abstraction for
               In-Memory Cluster Computing},
  booktitle = {Proceedings of the 9th {USENIX} Symposium on Networked Systems Design
               and Implementation, {NSDI} 2012, San Jose, CA, USA, April 25-27, 2012},
  pages     = {15--28},
  publisher = {{USENIX} Association},
  year      = {2012},
  url       = {https://www.usenix.org/conference/nsdi12/technical-sessions/presentation/zaharia},
  timestamp = {Wed, 04 Jul 2018 13:06:34 +0200},
  biburl    = {https://dblp.org/rec/conf/nsdi/ZahariaCDDMMFSS12.bib},
  bibsource = {dblp computer science bibliography, https://dblp.org}
}

@article{DBLP:journals/pvldb/XuGDWW19,
  author    = {Lijie Xu and
               Tian Guo and
               Wensheng Dou and
               Wei Wang and
               Jun Wei},
  title     = {An Experimental Evaluation of Garbage Collectors on Big Data Applications},
  journal   = {{PVLDB}},
  volume    = {12},
  number    = {5},
  pages     = {570--583},
  year      = {2019},
  url       = {http://www.vldb.org/pvldb/vol12/p570-xu.pdf},
  doi       = {10.14778/3303753.3303762},
  timestamp = {Mon, 04 Nov 2019 15:39:16 +0100},
  biburl    = {https://dblp.org/rec/journals/pvldb/XuGDWW19.bib},
  bibsource = {dblp computer science bibliography, https://dblp.org}
}


@article{DBLP:journals/pvldb/ShiQMJWRO15,
  author    = {Juwei Shi and
               Yunjie Qiu and
               Umar Farooq Minhas and
               Limei Jiao and
               Chen Wang and
               Berthold Reinwald and
               Fatma {\"{O}}zcan},
  title     = {Clash of the Titans: MapReduce vs. Spark for Large Scale Data Analytics},
  journal   = {{PVLDB}},
  volume    = {8},
  number    = {13},
  pages     = {2110--2121},
  year      = {2015},
  url       = {http://www.vldb.org/pvldb/vol8/p2110-shi.pdf},
  doi       = {10.14778/2831360.2831365},
  timestamp = {Thu, 16 Aug 2018 11:33:43 +0200},
  biburl    = {https://dblp.org/rec/journals/pvldb/ShiQMJWRO15.bib},
  bibsource = {dblp computer science bibliography, https://dblp.org}
}

@online{ApacheHadoopHomePage,
  year = {2020}, 
  title = {Apache Hadoop}, 
  url = {http://hadoop.apache.org/}
}

@online{ApacheSparkHomePage,
  year = {2020}, 
  title = {Apache Spark}, 
  url = {http://spark.apache.org/}
}

@online{ApacheFlinkHomePage,
  year = {2020}, 
  title = {Apache Flink}, 
  url = {https://flink.apache.org/}
}

@inproceedings{DBLP:conf/sigmod/ArmbrustXLHLBMK15,
  author    = {Michael Armbrust and
               Reynold S. Xin and
               Cheng Lian and
               Yin Huai and
               Davies Liu and
               Joseph K. Bradley and
               Xiangrui Meng and
               Tomer Kaftan and
               Michael J. Franklin and
               Ali Ghodsi and
               Matei Zaharia},
  editor    = {Timos K. Sellis and
               Susan B. Davidson and
               Zachary G. Ives},
  title     = {Spark {SQL:} Relational Data Processing in Spark},
  booktitle = {Proceedings of the 2015 {ACM} {SIGMOD} International Conference on
               Management of Data, Melbourne, Victoria, Australia, May 31 - June
               4, 2015},
  pages     = {1383--1394},
  publisher = {{ACM}},
  year      = {2015},
  url       = {https://doi.org/10.1145/2723372.2742797},
  doi       = {10.1145/2723372.2742797},
  timestamp = {Tue, 06 Nov 2018 11:07:37 +0100},
  biburl    = {https://dblp.org/rec/conf/sigmod/ArmbrustXLHLBMK15.bib},
  bibsource = {dblp computer science bibliography, https://dblp.org}
}

@inproceedings{DBLP:conf/asplos/NguyenWBFHX15,
  author    = {Khanh Nguyen and
               Kai Wang and
               Yingyi Bu and
               Lu Fang and
               Jianfei Hu and
               Guoqing (Harry) Xu},
  editor    = {{\"{O}}zcan {\"{O}}zturk and
               Kemal Ebcioglu and
               Sandhya Dwarkadas},
  title     = {{FACADE:} {A} Compiler and Runtime for (Almost) Object-Bounded Big
               Data Applications},
  booktitle = {Proceedings of the Twentieth International Conference on Architectural
               Support for Programming Languages and Operating Systems, {ASPLOS}
               '15, Istanbul, Turkey, March 14-18, 2015},
  pages     = {675--690},
  publisher = {{ACM}},
  year      = {2015},
  url       = {https://doi.org/10.1145/2694344.2694345},
  doi       = {10.1145/2694344.2694345},
  timestamp = {Thu, 17 Oct 2019 19:39:45 +0200},
  biburl    = {https://dblp.org/rec/conf/asplos/NguyenWBFHX15.bib},
  bibsource = {dblp computer science bibliography, https://dblp.org}
}