@inproceedings{10.1145/2808098.2808100,
author = {Jespersen, Thomas Bracht Laumann and Munksgaard, Philip and Larsen, Ken Friis},
title = {Session Types for Rust},
year = {2015},
isbn = {9781450338103},
publisher = {Association for Computing Machinery},
address = {New York, NY, USA},
url = {https://doi.org/10.1145/2808098.2808100},
doi = {10.1145/2808098.2808100},
booktitle = {Proceedings of the 11th ACM SIGPLAN Workshop on Generic Programming},
pages = {13–22},
numpages = {10},
keywords = {Session types, generic types, concurrency, Rust},
location = {Vancouver, BC, Canada},
series = {WGP 2015}
}
  


@article{10.1145/3241624.2926707,
author = {Lin, Yi and Blackburn, Stephen M. and Hosking, Antony L. and Norrish, Michael},
title = {Rust as a Language for High Performance GC Implementation},
year = {2016},
issue_date = {November 2016},
publisher = {Association for Computing Machinery},
address = {New York, NY, USA},
volume = {51},
number = {11},
issn = {0362-1340},
url = {https://doi.org/10.1145/3241624.2926707},
doi = {10.1145/3241624.2926707},
journal = {SIGPLAN Not.},
month = jun,
pages = {89–98},
numpages = {10},
keywords = {Rust, memory management, garbage collection}
}
  



@inproceedings{10.1145/3334480.3383069,
author = {Abtahi, Parastoo and Dietz, Griffin},
title = {Learning Rust: How Experienced Programmers Leverage Resources to Learn a New Programming Language},
year = {2020},
isbn = {9781450368193},
publisher = {Association for Computing Machinery},
address = {New York, NY, USA},
url = {https://doi.org/10.1145/3334480.3383069},
doi = {10.1145/3334480.3383069},
booktitle = {Extended Abstracts of the 2020 CHI Conference on Human Factors in Computing Systems},
pages = {1–8},
numpages = {8},
keywords = {computer science education, rust, programming languages, learning resources},
location = {Honolulu, HI, USA},
series = {CHI EA ’20}
}
  




@inproceedings{10.1145/3102980.3103006,
author = {Balasubramanian, Abhiram and Baranowski, Marek S. and Burtsev, Anton and Panda, Aurojit and Rakamari\'{c}, Zvonimir and Ryzhyk, Leonid},
title = {System Programming in Rust: Beyond Safety},
year = {2017},
isbn = {9781450350686},
publisher = {Association for Computing Machinery},
address = {New York, NY, USA},
url = {https://doi.org/10.1145/3102980.3103006},
doi = {10.1145/3102980.3103006},
booktitle = {Proceedings of the 16th Workshop on Hot Topics in Operating Systems},
pages = {156–161},
numpages = {6},
location = {Whistler, BC, Canada},
series = {HotOS ’17}
}
  

